<?xml version="1.0" encoding="UTF-8"?><collection xmlns="http://www.loc.gov/MARC21/slim"><record><leader>00544nam--2200181-u-4500</leader><controlfield tag="001">000052676</controlfield><controlfield tag="002">20161230</controlfield><controlfield tag="005">20170109002332</controlfield><controlfield tag="008">101002s1000------------r-----000-0-rus-d</controlfield><datafield ind1=" " ind2=" " tag="040"><subfield code="a">IFIN-HH</subfield></datafield><datafield ind1=" " ind2=" " tag="041"><subfield code="a">rus</subfield></datafield><datafield ind1=" " ind2=" " tag="080"><subfield code="a">533.9</subfield></datafield><datafield ind1="1" ind2=" " tag="110"><subfield code="a">Akademiia Nauk Latviiskoi SSR</subfield></datafield><datafield ind1="1" ind2="0" tag="245"><subfield code="a">Voprosi magnithoi gidrodinamiki i dinamiki plazmi</subfield><subfield code="b">Trudi konferentii po magnithoi gidrodinamike, Riga, 2-10 iiune 1958 g</subfield></datafield><datafield ind1=" " ind2=" " tag="260"><subfield code="a">Riga</subfield><subfield code="b">Akademii Nauk Latviiskoi SSR</subfield><subfield code="c">1959</subfield></datafield><datafield ind1=" " ind2=" " tag="300"><subfield code="a">343 p</subfield></datafield><datafield ind1=" " ind2=" " tag="852"><subfield code="a">76954</subfield><subfield code="c">533.9</subfield></datafield><datafield ind1=" " ind2=" " tag="CAT"><subfield code="a">SYS</subfield><subfield code="c">20170109</subfield><subfield code="h">002332</subfield></datafield></record></collection>